<?xml version="1.0" encoding="UTF-8"?><collection xmlns="http://www.loc.gov/MARC21/slim"><record><leader>00396nam--2200145-i-4500</leader><controlfield tag="001">000040135</controlfield><controlfield tag="002">20161230</controlfield><controlfield tag="005">20161230201042</controlfield><controlfield tag="008">060222s1000------------r-----000-0-eng-d</controlfield><datafield ind1=" " ind2=" " tag="080"><subfield code="a">621.3.013.2</subfield></datafield><datafield ind1=" " ind2=" " tag="100"><subfield code="a">Salisbury,Alan B</subfield></datafield><datafield ind1=" " ind2=" " tag="245"><subfield code="a">Microprogrammable computer architecture</subfield></datafield><datafield ind1=" " ind2=" " tag="260"><subfield code="a">New York,Elsevier,1976. Xii + 161 P</subfield></datafield><datafield ind1=" " ind2=" " tag="490"><subfield code="a">Computer Design And Architecture Series</subfield></datafield><datafield ind1=" " ind2=" " tag="852"><subfield code="a">47075</subfield></datafield></record></collection>